@article{bezanson_julia_2017,
    title = {Julia: A Fresh Approach to Numerical Computing},
    volume = {59},
    issn = {0036-1445, 1095-7200},
    url = {https://epubs.siam.org/doi/10.1137/141000671},
    doi = {10.1137/141000671},
    shorttitle = {Julia},
    pages = {65--98},
    number = {1},
    journaltitle = {{SIAM} Review},
    shortjournal = {{SIAM} Rev.},
    author = {Bezanson, Jeff and Edelman, Alan and Karpinski, Stefan and Shah, Viral B.},
    urldate = {2022-08-04},
    date = {2017-01},
    langid = {english},
}

@misc{revels_forward-mode_2016,
    title = {Forward-Mode Automatic Differentiation in Julia},
    url = {http://arxiv.org/abs/1607.07892},
    doi = {https://doi.org/10.48550/arXiv.1607.07892},
    number = {{arXiv}:1607.07892},
    publisher = {{arXiv}},
    author = {Revels, Jarrett and Lubin, Miles and Papamarkou, Theodore},
    urldate = {2023-04-13},
    date = {2016-07-26},
    eprinttype = {arxiv},
    eprint = {1607.07892 [cs]},
    keywords = {Computer Science - Mathematical Software},
}
